

@misc{Repository,
  author = {{computational-science-HT23}},
  title = "Github repository to the project.",
  year = "2023",
  url = "https://github.com/TheoKoppenhoefer/computational-science-HT23",
  note = "Online",
  keywords = "secondary"
}
