



@misc{Repository,
  author = {{computational-science-HT23}},
  title = "Github repository to the project.",
  year = "2023",
  url = "https://github.com/TheoKoppenhoefer/computational-science-HT23",
  note = "Online",
  keywords = "secondary"
}

@misc{Wenxin1,
  author        = {Wenxin Zhang},
  title         = {Modelling Large Scale Ecosystems - Dynamic Global Vegetation Model},
  month = {October 11},
  year         = {2023},
  note={BERN01, University of Lund},
  keywords = "secondary"
}

@misc{Hartman1,
  author        = {Linda Hartman},
  title         = {Introduction to Machine Learning},
    subtitle = {BERN01: Machine learning and big data, Lecture 2},
  month = {October 16},
  year         = {2023},
  note={BERN01, University of Lund},
  keywords = "secondary"
}

@misc{Hartman2,
  author        = {Linda Hartman},
  title         = {Random Forest for Regression and Classification},
    subtitle = {BERN01: Machine learning and big data, Lecture 3},
  month = {October 18},
  year         = {2023},
  note={BERN01, University of Lund},
  keywords = "secondary"
}

ï»¿@book {James2023,
    AUTHOR = {James, Gareth and Witten, Daniela and Hastie, Trevor and
              Tibshirani, Robert and Taylor, Jonathan},
     TITLE = {An introduction to statistical learning---with applications in
              {P}ython},
    SERIES = {Springer Texts in Statistics},
 PUBLISHER = {Springer, Cham},
      YEAR = {[2023] \copyright 2023},
     PAGES = {xv+607},
      ISBN = {978-3-031-38746-3; 978-3-031-38747-0},
   MRCLASS = {62-01 (62-04 62Hxx 62Jxx 62M45 62Nxx 68)},
  MRNUMBER = {4647520},
       DOI = {10.1007/978-3-031-38747-0},
       URL = {https://doi.org/10.1007/978-3-031-38747-0},
  keywords = "secondary"
}

@misc{Clustering,
  author = {{Scikit learn}},
  title = "Permutation Importance with Multicollinear or Correlated Features.",
  year = "Accessed October 2023",
  url = "https://scikit-learn.org/stable/auto_examples/inspection/plot_permutation_importance_multicollinear.html",
  note = "Online",
  keywords = "secondary"
}

